[gd_scene load_steps=16 format=2]

[ext_resource path="res://Sprites/Fireball/FB500-5.png" type="Texture" id=1]
[ext_resource path="res://Sprites/Fireball/FB500-4.png" type="Texture" id=2]
[ext_resource path="res://Sprites/Fireball/FB500-3.png" type="Texture" id=3]
[ext_resource path="res://Sprites/Fireball/B500-3.PNG" type="Texture" id=4]
[ext_resource path="res://Sprites/Fireball/B500-4.PNG" type="Texture" id=5]
[ext_resource path="res://Sprites/Fireball/FB500-2.png" type="Texture" id=6]
[ext_resource path="res://Sprites/Fireball/FB500-1.png" type="Texture" id=7]
[ext_resource path="res://Sprites/Fireball/B500-2.PNG" type="Texture" id=8]
[ext_resource path="res://Scripts/Fireball.gd" type="Script" id=9]
[ext_resource path="res://Sprites/Light/spotlight.png" type="Texture" id=10]

[sub_resource type="Shader" id=1]

[sub_resource type="ShaderMaterial" id=2]
shader = SubResource( 1 )

[sub_resource type="SpriteFrames" id=3]
animations = [ {
"frames": [ ExtResource( 8 ), ExtResource( 4 ), ExtResource( 5 ) ],
"loop": true,
"name": "Collide",
"speed": 5.0
}, {
"frames": [ ExtResource( 7 ), ExtResource( 6 ), ExtResource( 3 ), ExtResource( 2 ), ExtResource( 1 ) ],
"loop": true,
"name": "Fly",
"speed": 5.0
} ]

[sub_resource type="GDScript" id=4]

[sub_resource type="CircleShape2D" id=5]
radius = 174.17

[node name="Fireball" type="Area2D"]
scale = Vector2( 0.5, 0.5 )
script = ExtResource( 9 )

[node name="AnimatedSprite" type="AnimatedSprite" parent="."]
material = SubResource( 2 )
scale = Vector2( 0.2, 0.2 )
frames = SubResource( 3 )
animation = "Fly"
frame = 2
playing = true
script = SubResource( 4 )

[node name="Light2D" type="Light2D" parent="AnimatedSprite"]
scale = Vector2( 12, 10 )
texture = ExtResource( 10 )
mode = 2

[node name="CollisionShape2D" type="CollisionShape2D" parent="."]
position = Vector2( -2.48245, -2.09734 )
scale = Vector2( 0.2, 0.2 )
shape = SubResource( 5 )
[connection signal="area_shape_entered" from="." to="." method="_on_Fireball_area_shape_entered"]
[connection signal="body_entered" from="." to="." method="_on_Fireball_body_entered"]
