[gd_scene load_steps=15 format=2]

[ext_resource path="res://Sprites/IceShard/I5050-6.png" type="Texture" id=1]
[ext_resource path="res://Sprites/IceShard/I5050-7.png" type="Texture" id=2]
[ext_resource path="res://Sprites/IceShard/I5050-11.png" type="Texture" id=4]
[ext_resource path="res://Sprites/IceShard/I5050-9.png" type="Texture" id=5]
[ext_resource path="res://Sprites/IceShard/I5050-8.png" type="Texture" id=8]
[ext_resource path="res://Scripts/IceShard.gd" type="Script" id=9]
[ext_resource path="res://Sprites/Light/spotlight.png" type="Texture" id=10]
[ext_resource path="res://Sprites/IceShard/I5050-5.png" type="Texture" id=11]
[ext_resource path="res://Sprites/IceShard/I5050-10.png" type="Texture" id=13]

[sub_resource type="Shader" id=1]

[sub_resource type="ShaderMaterial" id=2]
shader = SubResource( 1 )

[sub_resource type="SpriteFrames" id=3]
animations = [ {
"frames": [ ExtResource( 8 ), ExtResource( 5 ), ExtResource( 13 ), ExtResource( 4 ) ],
"loop": true,
"name": "Collide",
"speed": 5.0
}, {
"frames": [ ExtResource( 2 ), ExtResource( 11 ), ExtResource( 1 ), ExtResource( 2 ), ExtResource( 11 ), ExtResource( 1 ) ],
"loop": true,
"name": "Fly",
"speed": 3.0
} ]

[sub_resource type="GDScript" id=4]

[sub_resource type="CircleShape2D" id=5]
radius = 174.17

[node name="IceShard" type="Area2D"]
linear_damp = 1.0
script = ExtResource( 9 )

[node name="AnimatedSprite" type="AnimatedSprite" parent="."]
material = SubResource( 2 )
scale = Vector2( 0.2, 0.2 )
frames = SubResource( 3 )
animation = "Fly"
frame = 1
playing = true
flip_h = true
script = SubResource( 4 )

[node name="Light2D" type="Light2D" parent="AnimatedSprite"]
scale = Vector2( 10, 10 )
texture = ExtResource( 10 )
color = Color( 0.929412, 0.792157, 0.737255, 1 )
energy = 0.0

[node name="CollisionShape2D" type="CollisionShape2D" parent="."]
position = Vector2( -2.48245, -2.09734 )
scale = Vector2( 0.2, 0.2 )
shape = SubResource( 5 )
[connection signal="area_shape_entered" from="." to="." method="_on_IceShard_area_shape_entered"]
[connection signal="body_entered" from="." to="." method="_on_IceShard_body_entered"]
